@article{Rosenblatt1958-ff,
  title    = "The perceptron: a probabilistic model for information storage and organization in the brain",
  author   = "Rosenblatt, F",
  journal  = "Psychol. Rev.",
  volume   =  65,
  pages    = "386--408",
  year     =  1958,
}

@incollection{Hinton1986-vi,
  title       = "Distributed representations",
  booktitle   = "Parallel Distributed Processing: Explorations in the
                 Microstructure of Cognition. Vol. 1: Foundations",
  author      = "Hinton, G E and McClelland, J L and Rumelhart, D E and Rumelhart, D E and McClelland, J L",
  editor      = "Rumelhart, D E and McClelland, J L",
  publisher   = "MIT Press",
  pages       = "77--109",
  year        =  1986,
  address     = "Cambridge, Ma",
}

@article{Rumelhart1986-ko,
  title       = "{Learning Representations by {Back-Propagating} Errors}",
  author      = "Rumelhart, D and Hinton, G and Williams, R",
  journal     = "Nature",
  volume      =  323,
  pages       = "533--536",
  year        =  1986,
}

@article{Little2013-wn,
  title    = "Learning and exploration in action-perception loops",
  author   = "Little, Daniel Y and Sommer, Friedrich T",
  journal  = "Front. Neural Circuits",
  volume   =  7,
  pages    = "37",
  year     =  2013,
}

@article{Srivastava2017-fk,
  title       = "Motor control by precisely timed spike patterns",
  author      = "Srivastava, Kyle H and Holmes, Caroline M and Vellema, Michiel and Pack, Andrea R and Elemans, Coen P H and Nemenman, Ilya and Sober, Samuel J",
  journal     = "Proc. Natl. Acad. Sci.",
  volume      =  114,
  pages       = "1171--1176",
  year        =  2017,
}

@book{Hebb1949-qt,
  title     = "{The Organization of Behavior}",
  author    = "Hebb, D O",
  publisher = "John Wiley \& Sons",
  year      =  1949,
  address   = "NY"
}

@article{Sanchez2012-fn,
  title       = "Dynamically repairing and replacing neural networks: using
                 hybrid computational and biological tools",
  author = "Sanchez, Justin and Lytton, William and Carmena, Jose and  Principe, Jose and Fortes, Jose and Barbour, Randall and Francis, Joseph",
  journal     = "IEEE Pulse",
  volume      =  3,
  pages       = "57--59",
  year        =  2012,
}

@article{Thorpe1996-hd,
  title       = "{Speed of processing in the human visual system}",
  author      = "Thorpe, S and Fize, D and Marlot, C",
  journal     = "Nature",
  volume      =  381,
  pages       = "520--522",
  year        =  1996,
}

@article{Marr1977-yh,
  title       = "From understanding computation to understanding neural circuitry",
  author      = "Marr, D and Poggio, T",
  journal     = "Neurosci. Res. Program Bull.",
  volume      =  15,
  pages       = "470--488",
  year        =  1977,
}

@book{Marr1982-st,
  title       = "Vision",
  author      = "Marr, David",
  publisher   = "Freeman",
  year        =  1982,
  address     = "San Francisco, California",
}

@article{Mulugeta2018-kc,
  title       = "Credibility, Replicability, and Reproducibility in Simulation for Biomedicine and Clinical Applications in Neuroscience",
  author      = "Mulugeta, Lealem and Drach, Andrew and Erdemir, Ahmet and Hunt, C A and Horner, Marc and Ku, Joy P and Myers, Jr, Jerry
                 G and Vadigepalli, Rajanikanth and Lytton, William W",
  journal     = "Front. Neuroinform.",
  volume      =  12,
  pages       = "18",
  year        =  2018,
}

@article{Hunt2018-pq,
  title       = "The Spectrum of {Mechanism-Oriented} Models and Methods for
                 Explanations of Biological Phenomena",
  author      = "Hunt, C Anthony and Erdemir, Ahmet and Lytton, William W and Mac Gabhann, Feilim and Sander, Edward A and Transtrum, Mark K and Mulugeta, Lealem",
  journal     = "Processes",
  volume      =  6,
  pages       = "56",
  year        =  2018,
}

@book{Shannon1948-ks,
  title       = "A mathematical theory of communication",
  author      = "Shannon, Claude Elwood",
  publisher   = "University of Illinois Press",
  year        =  1949,
  address     = "Urbana-Champagne, Illinois",
}

@article{Georgopoulos1986-dv,
  title       = "{Neuronal population coding of movement direction}",
  author      = "Georgopoulos, A P and Schwartz, A B and Kettner, R E",
  journal     = "Science",
  volume      =  233,
  pages       = "1416--1419",
  year        =  1986,
}
